@Book{gamma1995design,
 author = {Gamma, Erich},
 title = {Design patterns : elements of reusable object-oriented software},
 publisher = {Addison-Wesley},
 year = {1995},
 address = {Reading, Mass},
 isbn = {978-0201633610}
 }

@Book{nystrom2014game,
 author = {Nystrom, Robert},
 title = {Game programming patterns},
 publisher = {Genever Benning},
 year = {2014},
 address = {United States},
 isbn = {978-0990582908}
 }

@online{learnOpenGLInstancing,
author = {Joey de Vries},
title = {Learn OpenGL},
year = {2016},
url = {https://learnopengl.com/Advanced-OpenGL/Instancing},
note={[Online; viewed 7th of May 2019]},
}

@online{quilez-smooth,
	author = {Inigo Quilez},
	title = {Smooth Iteration Count for Generalized Mandelbrot Sets},
	year = {2016},
	url = {http://www.iquilezles.org/www/articles/mset_smooth/mset_smooth.htm},
	note = {[Online; viewed 2nd of June 2019]},
}

@online{fast-waves,
	author = {{afl\_ext}},
	title = {Very fast procedural ocean},
	year = {2017},
	url = {https://www.shadertoy.com/view/MdXyzX},
	note = {[Online; viewed 2nd of June 2019]},
}

@online{quilez-dist,
	author = {Inigo Quilez},
	title = {Distance Functions},
	year = {2013},
	url = {https://www.iquilezles.org/www/articles/distfunctions/distfunctions.htm},
	note = {[Online; viewed 2nd of June 2019]},
}

@online{wikipedia:raytracing,
	author = {{Henrik}},
	title = {Ray tracing (graphics)},
	year = {2008},
	url = {https://commons.wikimedia.org/wiki/File:Ray_trace_diagram.svg},
	note = {[Online; viewed 2nd of June 2019]},
}

@online{wikipedia:raymarching,
	author = {Florian Hofmann},
	title = {Volume ray casting},
	year = {2011},
	url = {https://commons.wikimedia.org/wiki/File:Volume_ray_casting.svg},
	note = {[Online; viewed 6th of June 2019]},
}

@book{gpugems2,
	Title = {GPU Gems 2: Programming Techniques for High-Performance Graphics and General-Purpose Computation},
  	Publisher = {Addison-Wesley Professional},
  	Year = {2005},
  	ISBN = {0321335597},
	author = {Matt Pharr},
}

@book{gpupro7,
 title = {GPU Pro 7: Advanced Rendering Techniques},
 description = {GPU Pro 7: Advanced Rendering Techniques (Book, 2016)},
 publisher = {A K Peters/CRC Press},
 interhash = {7e6713c97f66d2025a28ac613734a41d},
 intrahash = {e2a8d882e6fd80876227430edf732a1d},
 year = {2016},
 month = {apr},
 isbn = {149874253X},
 url = {https://www.xarg.org/ref/a/149874253X/},
 author = {Wolfgang Engel},
}

@online{goldnoise,
	author = {{dcerisano}},
	title = {Gold Noise random static},
	year = {2015},
	url = {https://www.shadertoy.com/view/ltB3zD},
	note = {[Online; viewed 4th of June 2019]},
}

@mastersthesis{volumetric-clouds,
	author = {Fredrik Haggstrom},
	title = {Real-time rendering of volumetric clouds},
	year = {2018},
	school = {Umea Universitet},
}

@book{gpugems3,
  Author = {Hubert Nguyen},
  Title = {GPU Gems 3},
  Publisher = {Addison-Wesley Professional},
  Year = {2007},
  ISBN = {0321515269},
 }
